% Bibliografía

% Este fichero contiene la bibliografía de la memoria
% Está en un formato que se conoce como BibTex.
% Hay muchos sitios web que exportan referencias en formato BibTeX. 
% Prueba a buscar en http://scholar.google.com por referencias
% y verás que lo puedes hacer de manera sencilla.
% Más información: 
% http://texblog.org/2014/04/22/using-google-scholar-to-download-bibtex-citations/

% Existen varias posibilidades para referenciar diferentes tipos de documentos,
% ya que los datos necesarios varían. Así, existen formatos de entrada para
%     * libros (book)
%     * artículos en revistas de investigación (article)
%     * capítulos de libro (incollection)
%     * informes técnicos (techreport)
%     * otros (misc)
%
% Las páginas web deberían ir como misc.

% Una última cosa: no referencias nunca la WikiPedia
% La WikiPedia, como buena enciclopedia, no es fuente primaria.
% Si acaso, busca por citas en la WikiPedia (que sí ha de referenciar fuentes
% primarias) y haz referencia a las mismas.

@Book{bonabeau:_swarm,
  author = 	 {Eric Bonabeau and Marco Dorigo and Guy Theraulaz},
  title = 	 {Swarm Intelligence: From Natural to Articial Systems},
  publisher = 	 {Oxford University Press, Inc.},
  year = 	 1999
}

@Article{parnas72:_modules,
 author = {David L. Parnas},
 title = {On the criteria to be used in decomposing systems into modules},
 journal = CACM,
 volume = 15,
 year = 1972,
 pages = {1053-1058}
}

%%%

@book{papert80:_mindstorm,
author = {Papert, Seymour},
address = {New York},
booktitle = {Mindstorms :  Children, computers, and powerful ideas},
isbn = {0465046290},
keywords = {Matemáticas -- Enseñanza programada},
language = {eng},
publisher = {Basic Books},
title = {Mindstorms :  Children, computers, and powerful ideas },
year = {1980},
}

@article{aho2012computation,
  title={Computation and computational thinking},
  author={Aho, Alfred V},
  journal={The computer journal},
  volume={55},
  number={7},
  pages={832--835},
  year={2012},
  publisher={OUP}
}

@article{moreno17:_paths,
author = {Moreno-León, Jesús and Robles, Gregorio and Román-González, Marcos},
year = {2017},
month = {08},
pages = {1-1},
title = {Towards Data-Driven Learning Paths to Develop Computational Thinking with Scratch},
volume = {PP},
journal = {IEEE Transactions on Emerging Topics in Computing},
doi = {10.1109/TETC.2017.2734818}
}

@article{suchi13:_computational,
author = {Shuchi Grover and Roy Pea},
title ={Computational Thinking in K–12: A Review of the State of the Field},
journal = {Educational Researcher},
volume = {42},
number = {1},
pages = {38-43},
year = {2013},
doi = {10.3102/0013189X12463051},

URL = { 
        https://doi.org/10.3102/0013189X12463051},
eprint = { 
        https://doi.org/10.3102/0013189X12463051}
}

@article{moreno2015dr,
    title={Dr. Scratch: Automatic Analysis of Scratch Projects to Assess and Foster Computational Thinking},
    author={Moreno-Le{\'o}n, Jes{\'u}s and Robles, Gregorio and Rom{\'a}n-Gonz{\'a}lez, Marcos},
    journal={RED. Revista de Educaci{\'o}n a Distancia},
    number={46},
    pages={1--23},
    year={2015},
    publisher={Universidad de Murcia}
}

@article{moreno19:_programming,
    author = {Moreno-León, Jesús and Robles, Gregorio and Román-González, Marcos and Rodríguez, Juan},
    year = {2019},
    month = {12},
    pages = {26-35},
    title = {Not the same: a text network analysis on computational thinking definitions to study its relationship with computer programming},
    journal = {Revista Interuniversitaria de Investigación en Tecnología Educativa},
    doi = {10.6018/riite.397151}
}

@article{martinezdr,
  title={DR. SNAP! UN ANALIZADOR DE LA EXPRESIVIDAD DE PROYECTOS SNAP!},
  author={Mart{\i}nez, Paula Rodr{\i}guez}
}

@article{zapata2018pensamiento,
  title={Pensamiento computacional. Una tercera competencia clave},
  author={Zapata-Ros, Miguel},
  journal={El pensamiento computacional como una nueva alfabetizaci{\'o}n en las culturas digitales. Murcia: Universidad de Murcia},
  pages={4--87},
  year={2018}
}

@article{wing2006computational,
  title={Computational thinking},
  author={Wing, Jeannette M},
  journal={Communications of the ACM},
  volume={49},
  number={3},
  pages={33--35},
  year={2006},
  publisher={ACM New York, NY, USA}
}

@article{wing2011research,
  title={Research notebook: Computational thinking—What and why},
  author={Wing, Jeanette},
  journal={The link magazine},
  volume={6},
  pages={20--23},
  year={2011}
}

@article{resnick2017seeds,
  title={The seeds that Seymour sowed},
  author={Resnick, Mitchel},
  journal={International Journal of Child-Computer},
  year={2017}
}

@article{solomon20:_history,
author = {Solomon, Cynthia and Harvey, Brian and Kahn, Ken and Lieberman, Henry and Miller, Mark L. and Minsky, Margaret and Papert, Artemis and Silverman, Brian},
title = {History of Logo},
year = {2020},
issue_date = {June 2020},
publisher = {Association for Computing Machinery},
address = {New York, NY, USA},
volume = {4},
number = {HOPL},
url = {https://doi.org/10.1145/3386329},
doi = {10.1145/3386329},
journal = {Proc. ACM Program. Lang.},
month = {jun},
articleno = {79},
numpages = {66}
}

@inproceedings{brennan2012new,
  title={New frameworks for studying and assessing the development of computational thinking},
  author={Brennan, Karen and Resnick, Mitchel},
  booktitle={Proceedings of the 2012 annual meeting of the American educational research association, Vancouver, Canada},
  volume={1},
  pages={25},
  year={2012}
}

@inproceedings{10.1145/3311927.3323152,
author = {Troiano, Giovanni Maria and Snodgrass, Sam and Arg\i{}mak, Erin\c{c} and Robles, Gregorio and Smith, Gillian and Cassidy, Michael and Tucker-Raymond, Eli and Puttick, Gillian and Harteveld, Casper},
title = {Is My Game OK Dr. Scratch? Exploring Programming and Computational Thinking Development via Metrics in Student-Designed Serious Games for STEM},
year = {2019},
isbn = {9781450366908},
publisher = {Association for Computing Machinery},
address = {New York, NY, USA},
url = {https://doi.org/10.1145/3311927.3323152},
doi = {10.1145/3311927.3323152},
abstract = {Computational thinking (CT) is key to digital literacy and helps develop problem-solving skills, which are fundamental in modern school. As game design shows potential for teaching CT, metrics like Dr. Scratch emerge that help scholars systematically assess the CT of student-designed games, particularly with Scratch. Compared to other CT metrics, Dr. Scratch scores the CT of Scratch projects automatically and can be used to describe CT development. However, previous research using Dr. Scratch summatively assessed CT, but did not look at CT development. We use Dr. Scratch to assess the CT development of Scratch games designed by 8th-grade students in STEM curricula. We show how CT proficiency in student-designed games develops differently in each CT dimension, where parallelism, synchronization, and logic develop proficiently, while developing abstraction seems hard. We discuss insights into game-based CT development for STEM, and suggest improvements for metric-based CT assessment.},
booktitle = {Proceedings of the 18th ACM International Conference on Interaction Design and Children},
pages = {208–219},
numpages = {12},
keywords = {constructionist learning, game design, Computational thinking, metrics, STEM, assessment, Dr. Scratch, Scratch},
location = {Boise, ID, USA},
series = {IDC '19}
}

@book{10.5555/3169234,
author = {Beecher, Karl},
title = {Computational Thinking},
year = {2017},
isbn = {1780173644},
publisher = {BCS},
address = {Swindon, GBR},
abstract = {Computational thinking is a timeless, transferable skill that enables you to think more clearly and logically, as well as a way to solve specific problems. Beginning with the core ideas of computational thinking, with this book you'll build up an understanding of the practical problem-solving approach and explore how computational thinking aids good practice in programming, complete with a full guided example.}
}

@techreport{arthur2006k,
	title={k-means++: The advantages of careful seeding},
	author={Arthur, David and Vassilvitskii, Sergei},
	year={2006},
	institution={Stanford}
}  

%%%%%
@InCollection{GBarahona04:_debian,
   author =       {González-Barahona, Jesús M. and Robles, Gregorio and
                   Ortuño Pérez, Miguel and Rodero-Merino, Luis and
                   Centeno González, José and Matellan-Olivera, Vicente and
                   Castro-Barbero, Eva and de-las-Heras-Quirós, Pedro},
   title =        {Analyzing the anatomy of {GNU/L}inux distributions:
                   methodology and case studies ({R}ed {H}at and {D}ebian)},
   pages =        {27-58},
   editor =       {Koch, Stefan},
   booktitle =    {Free/Open Source Software Development},
   publisher =    {Idea Group Publishing},
   address =      {Hershey, Pennsylvania, USA},
   year =         {2004},
}

@TechReport{ghosh02:_developer_survey,
  author = 	 {Rishab Aiyer Ghosh and Ruediger Glott and Bernhard Krieger and Gregorio Robles},
  title = 	 {Survey of Developers (Free/Libre and Open Source Software: Survey and Study)},
  institution =  {International Institute of Infonomics. University of Maastricht},
  year = 	 2002,
  address =	 {The Netherlands},
  month =	 jun,
  note =	 {\\ http://www.infonomics.nl/FLOSS/report}
}

@Misc{wheeler01:_more_than_gigab,
  author =	 {David A. Wheeler},
  title =	 {More Than a Gigabuck: {E}stimating {GNU/L}inux's Size},
  month =	 jun,
  year =	 2001,
  note =	 {\\ http://www.dwheeler.com/sloc/redhat71-v1/redhat71sloc.html}
}

@inproceedings{robles2005self,
  title={Self-organized development in libre software:
         a model based on the stigmergy concept},
  author={Robles, Gregorio and Merelo, Juan Juli\'an 
          and Gonz\'alez-Barahona, Jes\'us M.},
  booktitle={ProSim'05},
  year={2005}
}
